@book{html4
    , title   = {{HTML} 4.01, {S}pecification}
    , year      = "1999"
    , month     = "December"
    , author    = "W3C"
    , url       = {http://www.w3.org/TR/1999/REC-html401-19991224}
}
@book{httpbook
    , title   = {HTTP, {T}he definitive {G}uide}
    , author  = {{David Gourley} {Brian Totty}}
    , editor  = "Orelly"
}
@book{thompson
    , title   = {Haskell, {T}he {C}raft of {F}uncional {P}rogramming}
    , author  = {Thompson, Simon}
    , editor  = "Addison-Wesley"
    , edition = "2da"
    , year    = "1999"
}
@book{bird
    , title   = {{I}ntroducción a la {P}rogramación {F}uncional con {H}askell}
    , author  = {Bird, Richard}
    , editor  = "Prendice Hall"
    , edition = "2da"
    , year    = "2000"
}
@book{sebesta
    , title   = {{P}rogramming the {W}orld {W}ide {W}eb}
    , author  = "Sebesta, Robert W."
    , editor  = "Adison Wesley"
    , edition = "3th"
    , year    = "2006"
}
@book{ingsoft
    , title   = {Ingenieria de Software}
    , author  = {Fairley, Richard E.}
    , editor  = "McGRAW-HILL"
    , year    = "1987"
}
@masterthesis{hxt
    , title  = {A {C}ookbook for the {H}askell {XML} {T}oolbox with {E}xamples for {P}rocessing {RDF} {D}ocuments}
    , author = {Ohlendorf, Manuel}
    , school = {fhWedel, {U}niversity of {A}pplied {S}ciences}
    , year   = "2007"
}
@techreport{haskell98
    , title         = {Haskell 98, {L}anguage and {L}ibraries}
    , author        = {Peyton Jones, Simon}
    , institution   = {Haskell Community}
    , url           = {http://haskell.org}
    , year          = "2002"
    , month         = "September"
    , note          = "Disponible en http://haskell.org"
}
@techreport{cp-tut
    , title         = {Combinator Parsing: A Short Tutorial}
    , author        = {Swierstra, S. Doaitse}
    , institution   = {Institute of Information and Computing Sciences, Utrecht University}
    , number        = "UU-CS-2008-044"
    , url           = {www.cs.uu.nl}
    , year          = "2008"
    , month         = "December"
}
@booklet{ipl
    , title         = "Implementation of Programming Languages"
    , author        = {{Arthur Baars} {Atze Dijkstra} {Jurriaan Hage} {Bastiaan Heeren} {Andres Loeh} {Piet van Oostrum} {Doaitse Swierstra}}
    , year          = "2004"
    , month         = "November"
    , howpublished  = "Lecture Notes"
}
@techreport{cp1
    , title         = {Fast, Error Correcting Parser Combinators: A Short Tutorial}
    , author        = {{Swierstra, S. Doaitse} {Azero Alcocer, Pablo R.}}
    , institution   = {{Department of Computer Science, Utrecht University} {Universidad Mayor de San Simon}}
}
@misc{introHaskell
    , title  = {Introduction to {H}askell}
    , author = {Peyton Jones, Simon}
    , url    = {http://www.haskell.org/haskellwiki/Introduction}
    , note   = {Disponible en http://www.haskell.org/haskellwiki/Introduction}
}
@misc{hcar
    , title  = {Haskell Community and Activities Report}
    , desc   = {Reporte semestral de las actividades de la Comunidad Haskell}
    , url    = {http://haskell.org/hcar}
}
@misc{hackage
    , title  = {Base de Datos de aplicaciones y librerias de Haskell}
    , url    = {http://www.haskell.org/hackage}
}
@misc{uuplib
    , title  = {Utrecht University Parser Combinator Library}
    , author = {Swierstra, S. Doaitse}
    , url    = {http://www.cs.uu.nl/wiki/bin/view/HUT/ParserCombinators}
    , note   = "Disponible en http://www.cs.uu.nl/wiki/bin/view/HUT/ParserCombinators, Versión 2.5.5"
}
@misc{lgd
    , title  = {GD Library}
    , desc   = {A Haskell binding to a subset of the GD graphics library}
    , author = {Bjorn Bringert}
    , url    = {http://hackage.haskell.org/packages/gd/}
    , note   = "Versión 3000.6"
}
@misc{ltagsoup
    , title  = {TagSoup Library}
    , desc   = {Parsing and extracting information from HTML and XML documents}
    , author = {Neil Mitchell}
    , url    = {http://community.haskell.org/~ndm/tagsoup/}
    , note   = "Versión 0.12"
}
@misc{lurl
    , title  = "URL Library"
    , desc   = {A library for working with URLs.}
    , author = {Iavor S. Diatchki}
    , url    = {http://www.haskell.org/haskellwiki/Url}
    , note   = "Versión 2.1.2"
}
@misc{curl
    , title  = {LibCurl}
    , desc   = {Haskell binding to libcurl}
    , author = {Sigbjorn Finne}
    , url    = {http://hackage.haskell.org/packages/curl/}
    , note   = "Disponible en http://hackage.haskell.org/packages/curl/, Versión 1.3.6"
}
@misc{uuagclib
    , title  = {{U}trecht {U}niversity {A}ttribute {G}rammar {C}ompiler}
    , author = {Swierstra, S. Doaitse}
    , url    = {http://hackage.haskell.org/package/uuagc/}
    , note   = "Disponible en http://hackage.haskell.org/package/uuagc/, Versión 0.9.29"
}
@misc{wxhaskell
    , title  = {wxHaskell, A Portable and Concise GUI Library for Haskell}
    , author = {Leijen, Daan}
    , year   = "2004"
    , url    = {http://hackage.haskell.org/package/wx/}
    , note   = "Disponible en http://hackage.haskell.org/package/wx/, Versión 0.12.1.6"
}
@book{grammar
    , title     = {Gramaticas y Analisis Sintactico}
    , author    = {Jeuring, Johan and Swierstra, S. Doaitse}
    , year      = "2000"
    , month     = "Marzo"
    , note      = "Texto base del curso de Automatas en Lic. Informatica, UMSS"
}
@book{rzhaskell
    , title     = {Razonando con Haskell, Un curso sobre Programacion Funcional}
    , author    = {{Ruiz, Blas C.} {Gutierrez, Francisco} {Guerrero, Pablo} {Gallardo, Jose E.}}
    , publisher = "Thomson"
    , year      = "2004"
}
@book{cssGuide
    , title     = {Cascading Style Sheets: The definitive Guide}
    , author    = {Meyer, Eric}
    , editor    = "O'Relly"
    , edition   = "2da"
    , year      = "2004"
    , month     = "March"
}
@booklet{css21
    , title     = {Cascading Style Sheets Level 2 Revision 1 (CSS 2.1) Specification}
    , year      = "2009"
    , month     = "September"
    , author    = "W3C"
    , url       = {http://www.w3.org/TR/2010/WD-CSS2-20101207}
}
